@article{emsbach1999unfalle,
  title={Unf{\"a}lle {\"a}lterer Kraftfahrer},
  author={Emsbach, M and Friedel, B},
  journal={Zeitschrift f{\"u}r Gerontologie und Geriatrie},
  volume={32},
  number={5},
  pages={318--325},
  year={1999},
  publisher={Springer}
}

@book{goethe2016wilhelm,
  title={Wilhelm Meisters Wanderjahre: oder Die Entsagenden},
  author={Goethe, Johann Wolfgang},
  year={2016},
  publisher={BoD--Books on Demand}
}

@book{lamport1994latex,
  title={Latex},
  author={Lamport, Leslie},
  year={1994},
  publisher={Addison-Wesley}
}
