@inproceedings{maier2011anomaly,
  title={Anomaly detection in production plants using timed automata},
  author={Maier, Alexander and Vodencarevic, Asmir and Niggemann, Oliver and Just, Roman and Jaeger, Michael},
  booktitle={8th International Conference on Informatics in Control, Automation and Robotics (ICINCO)},
  pages={363--369},
  year={2011}
}

@book{euzenat2007ontology,
  title={Ontology matching},
  author={Euzenat, J{\'e}r{\^o}me and Shvaiko, Pavel and others},
  volume={18},
  year={2007},
  publisher={Springer}
}

@article{feilmayr2016analysis,
  title={An analysis of ontologies and their success factors for application to business},
  author={Feilmayr, Christina and W{\"o}{\ss}, Wolfram},
  journal={Data \& Knowledge Engineering},
  volume={101},
  pages={1--23},
  year={2016},
  publisher={Elsevier}
}

@inproceedings{sarno2015business,
  title={Business process anomaly detection using ontology-based process modelling and multi-level class association rule learning},
  author={Sarno, Riyanarto and Sinaga, Fernandes P},
  booktitle={2015 International Conference on Computer, Control, Informatics and its Applications (IC3INA)},
  pages={12--17},
  year={2015},
  organization={IEEE}
}

@inproceedings{roy2010exploitation,
  title={Exploitation of maritime domain ontologies for anomaly detection and threat analysis},
  author={Roy, Jean and Davenport, Michael},
  booktitle={2010 International WaterSide Security Conference},
  pages={1--8},
  year={2010},
  organization={IEEE}
}

@inproceedings{pardo2016framework,
  title={A framework for anomaly diagnosis in smart homes based on ontology},
  author={Pardo, Etienne and Espes, David and Le Parc, Philippe},
  booktitle={The 7th International Conference on Ambient Systems, Networks and Technologies (ANT 2016)},
  year={2016}
}

@inproceedings{khairkar2013ontology,
  title={Ontology for detection of web attacks},
  author={Khairkar, Ashwini D and Kshirsagar, Deepak D and Kumar, Sandeep},
  booktitle={2013 International Conference on Communication Systems and Network Technologies},
  pages={612--615},
  year={2013},
  organization={IEEE}
}

@inproceedings{kroll2014system,
  title={System modeling based on machine learning for anomaly detection and predictive maintenance in industrial plants},
  author={Kroll, Bj{\"o}rn and Schaffranek, David and Schriegel, Sebastian and Niggemann, Oliver},
  booktitle={Proceedings of the 2014 IEEE Emerging Technology and Factory Automation (ETFA)},
  pages={1--7},
  year={2014},
  organization={IEEE}
}

@incollection{guarino2009ontology,
  title={What is an ontology?},
  author={Guarino, Nicola and Oberle, Daniel and Staab, Steffen},
  booktitle={Handbook on ontologies},
  pages={1--17},
  year={2009},
  publisher={Springer}
}
