@misc{singh2012detecting,
  title={Detecting Public Network Attacks using Signatures and Fast Content Analysis},
  author={Singh, Sumeet and Varghese, George and Estan, Cristi and Savage, Stefan},
  year={2012},
  month=oct # "~23",
  publisher={Google Patents},
  note={US Patent 8,296,842}
}