@article{fraga2018review,
  title={A review on industrial augmented reality systems for the industry 4.0 shipyard},
  author={Fraga-Lamas, Paula and Fern{\'a}ndez-Caram{\'e}s, Tiago M and Blanco-Novoa, {\'O}scar and Vilar-Montesinos, Miguel A},
  journal={Ieee Access},
  volume={6},
  pages={13358--13375},
  year={2018},
  publisher={IEEE}
}

@article{french2014current,
  title={Current status, issues, and future of bring your own device (BYOD)},
  author={French, Aaron M and Guo, Chengqi and Shim, Jung P},
  journal={Communications of the Association for Information Systems},
  volume={35},
  number={1},
  pages={10},
  year={2014}
}

@article{wani2020hospital,
  title={Hospital bring-your-own-device security challenges and solutions: systematic review of gray literature},
  author={Wani, Tafheem Ahmad and Mendoza, Antonette and Gray, Kathleen},
  journal={JMIR mHealth and uHealth},
  volume={8},
  number={6},
  pages={e18175},
  year={2020},
  publisher={JMIR Publications Inc., Toronto, Canada}
}

@article{wollschlaeger2017future,
  title={The future of industrial communication: Automation networks in the era of the internet of things and industry 4.0},
  author={Wollschlaeger, Martin and Sauter, Thilo and Jasperneite, Juergen},
  journal={IEEE industrial electronics magazine},
  volume={11},
  number={1},
  pages={17--27},
  year={2017},
  publisher={IEEE}
}

@article{kolberg2015lean,
  title={Lean automation enabled by industry 4.0 technologies},
  author={Kolberg, Dennis and Z{\"u}hlke, Detlef},
  journal={IFAC-PapersOnLine},
  volume={48},
  number={3},
  pages={1870--1875},
  year={2015},
  publisher={Elsevier}
}

@phdthesis{mohammadi2009fault,
  title={Fault diagnosis of hybrid systems with applications to gas turbine engines},
  author={Mohammadi, Rasul},
  year={2009},
  school={Concordia University}
}

