@online{openlett,
	author= {Galigator}, 
    title = {Openllet: An Open Source OWL DL reasoner for Java},
    year = 2020,
    url = {https://github.com/Galigator/openllet},
    urldate = {2020-01-20}
}